@Book{xie2015,
  title = {Dynamic Documents with {R} and knitr},
  author = {Yihui Xie},
  publisher = {Chapman and Hall/CRC},
  address = {Boca Raton, Florida},
  year = {2015},
  edition = {2nd},
  note = {ISBN 978-1498716963},
  url = {http://yihui.org/knitr/},
}
@Book{2,
  title = {Personality: What Makes You Who You Are},
  author = {G. Matthews, I. Deary & M. Whiteman},
  publisher = {Chapman and Hall/CRC},
  address = {Boca Raton, Florida},
  year = {2003},
  edition = {2nd},
  note = {For a more detailed introduction to ‘personality’ see},
}
